@misc{BGK,
       author = "Bhatnagar and Gross and Krook",
       title = "A model for collision processes in gases",
       year = "1954" 
}
@misc{Bernard,
	author = "Florian Bernard and Angelo Iollo and Sebatian Riffaud",
	title = "Reduced-order model for the BGK equation based on POD and optimal transport",
	year = "2018"}
@misc{Carlberg,
	author = "Kookjin Lee and Kevin T. Carlberg",
	title = "Model reduction of dynamical systems on nonlinear manifolds using deep convolutional autoencoders",
	year = "2019"
}
@article{puppo2019kinetic,
	title={Kinetic models of BGK type and their numerical integration}, 
	author={Gabriella Puppo},
	year={2019},
	eprint={1902.08311},
	archivePrefix={arXiv},
	primaryClass={physics.comp-ph}
}
@article{Sod,
       author = {{Sod}, G.~A.},
        title = "{Review. A Survey of Several Finite Difference Methods for Systems of Nonlinear Hyperbolic Conservation Laws}",
      journal = {Journal of Computational Physics},
     keywords = {Conservation Laws, Finite Difference Theory, Flow Equations, Gas Flow, Hyperbolic Differential Equations, Nonlinear Equations, Cartesian Coordinates, Flow Theory, Gas Dynamics, One Dimensional Flow, Shock Tubes, Fluid Mechanics and Heat Transfer},
         year = 1978,
        month = apr,
       volume = {27},
       number = {1},
        pages = {1-31},
          doi = {10.1016/0021-9991(78)90023-2},
       adsurl = {https://ui.adsabs.harvard.edu/abs/1978JCoPh..27....1S},
      adsnote = {Provided by the SAO/NASA Astrophysics Data System}
}
@book{Kutz,
	author = "Steve L. Brunton and J. Nathan Kutz",
    publisher = {Cambridge University Press},
	title = "Data driven science and engineering",
	subtitle = "Machine learning, dynamical systems and control",
	year = "2019"}
@unpublished{NumaKUL,
title= {Moment Models for Kinetic Equations},
author = {Julian Koellermeier and Yuwei Fan and Marvin Rominger and Giovanni Samaey},
year = {2020},
note= {NUMA seminar, KU Leuven},
URL= {https://wms.cs.kuleuven.be/groups/NUMA/events},
}
 @misc{divyanshu_2020,
title={Transposed Convolution Demystified},
howpublished={\url{https://towardsdatascience.com/transposed-convolution-demystified-84ca81b4baba}},
journal={www.towardsdatascience.com},
author={Divyanshu , Mishra},
year={2020}, month={Mar},
note = {Accesssed on 12.5.2021} } 
 
