@article{ BGK,
       author = "Bhatnagar and Gross and Krook",
       title = "A model for collision processes in gases",
       year = "1954" }
@article{Hornik1989,
	doi = {10.1016/0893-6080(89)90020-8},
	url = {https://doi.org/10.1016/0893-6080(89)90020-8},
	year = {1989},
	month = jan,
	publisher = {Elsevier {BV}},
	volume = {2},
	number = {5},
	pages = {359--366},
	author = {Kurt Hornik and Maxwell Stinchcombe and Halbert White},
	title = {Multilayer feedforward networks are universal approximators},
	journal = {Neural Networks}
}
@article{Bernard,
	author = "Florian Bernard and Angelo Iollo and Sebatian Riffaud",
	title = "Reduced-order model for the BGK equation based on POD and optimal transport",
	year = "2018"}
@article{Carlberg,
	author = "Kookjin Lee and Kevin T. Carlberg",
	title = "Model reduction of dynamical systems on nonlinear manifolds using deep convolutional autoencoders",
	year = "2019"}
@article{Rumelhart,
	author = "D.E. Rumelhart and G.E. Hinton and R.J. Williams",
	title = "Learning internal representations by error propagation",
	year = "1986"}
@article{Ballard,
	author = "Dana H. Ballard",
	title = "Modular learning in Neural Networks",
	year = "1987"}
@article{Rifai2011,
	Title						 = {Contractive Auto-Encoders: Explicit invariance during feature extraction},
	Author						 = {Salah Rifai and Pascal Vincent and Xavier Muller and Xavier Glorot and Yoshua Bengio},
	Publisher					 = {Proceedings of the 28th International Conference on Machine Learning},
	Address						 = {Bellvue, WA, USA},
	Year						 = {2011}
}
@article{rifai2012generative,
	title={A Generative Process for Sampling Contractive Auto-Encoders}, 
	author={Salah Rifai and Yoshua Bengio and Yann Dauphin and Pascal Vincent},
	year={2012},
	eprint={1206.6434},
	archivePrefix={arXiv},
	primaryClass={cs.LG}
}
@article{dumoulin2018guide,
	title={A guide to convolution arithmetic for deep learning}, 
	author={Vincent Dumoulin and Francesco Visin},
	year={2018},
	eprint={1603.07285},
	archivePrefix={arXiv},
	primaryClass={stat.ML}
}
@article{CFD1,
	title={Skript zu CFD 1}, 
	author={Julius Reiss},
	year={2018},
	eprint={1603.07285},
	archivePrefix={arXiv},
	primaryClass={stat.ML}
}
@article{puppo2019kinetic,
	title={Kinetic models of BGK type and their numerical integration}, 
	author={Gabriella Puppo},
	year={2019},
	eprint={1902.08311},
	archivePrefix={arXiv},
	primaryClass={physics.comp-ph}
}
@article{ohlberger2015reduced,
    title={Reduced Basis Methods: Success, Limitations and Future Challenges},
    author={Mario Ohlberger and Stephan Rave},
    year={2015},
    eprint={1511.02021},
    archivePrefix={arXiv},
    primaryClass={math.NA}
}
@article{schaaf,
       author = {{Schaaf}, S.~A.},
        title = "{Mechanics of Rarefied Gases}",
      journal = {Handbuch der Physik},
         year = 1963,
        month = jan,
       volume = {3},
        pages = {591-624},
          doi = {10.1007/978-3-662-10109-4_5},
       adsurl = {https://ui.adsabs.harvard.edu/abs/1963HDP.....3..591S},
      adsnote = {Provided by the SAO/NASA Astrophysics Data System}
}
@article{Sod,
       author = {{Sod}, G.~A.},
        title = "{Review. A Survey of Several Finite Difference Methods for Systems of Nonlinear Hyperbolic Conservation Laws}",
      journal = {Journal of Computational Physics},
     keywords = {Conservation Laws, Finite Difference Theory, Flow Equations, Gas Flow, Hyperbolic Differential Equations, Nonlinear Equations, Cartesian Coordinates, Flow Theory, Gas Dynamics, One Dimensional Flow, Shock Tubes, Fluid Mechanics and Heat Transfer},
         year = 1978,
        month = apr,
       volume = {27},
       number = {1},
        pages = {1-31},
          doi = {10.1016/0021-9991(78)90023-2},
       adsurl = {https://ui.adsabs.harvard.edu/abs/1978JCoPh..27....1S},
      adsnote = {Provided by the SAO/NASA Astrophysics Data System}
}


@book{Franz,
	author = "Thomas Franz",
	title = "Reduced-order modeling of steady transonic flows via manifold learning",
	year = "2016"}
@book{Kutz,
	author = "Steve L. Brunton and J. Nathan Kutz",
	title = "Data driven science and engineering",
	subtitle = "Machine learning, dynamical systems and control",
	year = "2019"}
@book{Dret2016,
	AUTHOR = {Dret, Hervé Le AND Lucquin, Brigitte},
	YEAR = {2016},
	TITLE = {Partial Differential Equations: Modeling, Analysis and Numerical Approximation - },
	EDITION = {},
	ISBN = {978-3-319-27067-8},
	PUBLISHER = {Birkhäuser},
	ADDRESS = {Basel},
}
@Book{Goodfellow,
	Title                    = {Deep Learning},
	Author                   = {Ian J. Goodfellow and Yoshua Bengio and Aaron Courville},
	Publisher                = {MIT Press},
	Year                     = {2016},
	
	Address                  = {Cambridge, MA, USA},
	Note                     = {\url{http://www.deeplearningbook.org}}
}
@book{Rifai_2011a,
	title = {The Manifold Tangent Classifier},
	author = {Salah Rifai and Dauphin, Yann N and Vincent, Pascal and Bengio, Yoshua and Xavier Muller},
	booktitle = {Advances in Neural Information Processing Systems 24},
	editor = {J. Shawe-Taylor and R. S. Zemel and P. L. Bartlett and F. Pereira and K. Q. Weinberger},
	pages = {2294--2302},
	year = {2011},
	publisher = {Curran Associates, Inc.},
	url = {http://papers.nips.cc/paper/4409-the-manifold-tangent-classifier.pdf}
}

@unpublished{NumaKUL,
title= {Moment Models for Kinetic Equations},
author = {Julian Koellermeier and Yuwei Fan and Marvin Rominger and Giovanni Samaey},
year = {2020},
note= {NUMA seminar, KU Leuven},
URL= {https://wms.cs.kuleuven.be/groups/NUMA/events},
}
